@article{afonin2020extreme,
  title={The extreme rays of the 6$\times$ 6 copositive cone},
  author={Afonin, Andrey and Hildebrand, Roland and Dickinson, Peter},
  year={2020}
}
@book{lasserre2010moments,
  title={Moments, positive polynomials and their applications},
  author={Lasserre, Jean-Bernard},
  volume={1},
  year={2010},
  publisher={World Scientific}
}